
 JOURNAL ABBREVIATIONS

@STRING{AMS 	= "Amer.\ Meteor.\ Soc."}
@STRING{AGU 	= "Amer.\ Geophys.\ Union"}
@STRING{AIP 	= "Amer. Inst. Phys."}
@STRING{ADGEO     = "Adv.\ Geosci."}
@STRING{AFM       = "Agric.\ For.\ Meteor."}
@STRING{AM        = "Ann.\ Meteor."}
@STRING{AN        = "Astrophys.\ Norv."}		 Astrophysica Norvegica
@STRING{AO        = "Atmos.--Ocean"}			 Atmosphere--Ocean, published by Canadian Meteorological Society (CMOS)
@STRING{AR        = "Atmos.\ Res."}			 Atmospheric Research
@STRING{ARFM      = "Annu.\ Rev.\ Fluid Mech."}
@STRING{AUMET     = "Aust.\ Meteor.\ Mag."}
@STRING{BAMS      = "Bull.\ Amer.\ Meteor.\ Soc."}
@STRING{CAP       = "Contrib.\ Atmos.\ Phys."}
@STRING{CC        = "Climate Change"}       Climate Change 
@STRING{CCH       = "Climatic Change"}			 Climatic Change
@STRING{CDYN      = "Climate Dyn."}
@STRING{CHAOS     = "Chaos"}
@STRING{COL       = "Collier's"}
@STRING{CRS       = "Cont.\ Shelf Res."}
@STRING{DAO       = "Dyn.\ Atmos.\ Oceans"}
@STRING{ECO       = "Ecology"}
@STRING{EI        = "Earth Interact."}
@STRING{GA        = "Geophysica"}			 Geophysica, published by Geophysical Society of Finland 
@STRING{GEOMAG    = "Geophys.\ Mag."}
@STRING{GN        = "Geophys.\ Norv."}			 Geophysica Norvegica
@STRING{GRL       = "Geophys.\ Res.\ Lett."}
@STRING{GEOINT    = "Geofis.\ Int."}			 Geofisica Internacional (Mexican journal -- vols. 3--5 contained proceedings from a hurricane conference
@STRING{GEOPUB    = "Geofys.\ Publ."}
@STRING{GPC       = "Global Planet.\ Change"}
@STRING{HP        = "Health Phys."}
@STRING{IAOP      = "Izv.\ Atmos.\ Ocean.\ Phys.\ (Engl.\ Transl.)"}
@STRING{IJC       = "Int.\ J.\ Climatol."}
@STRING{JAM       = "J.\ Appl.\ Meteor."}		 renamed to name below in 2006
@STRING{JAMC      = "J.\ Appl.\ Meteor.\ Climatol."}  	 Journal of Applied Meteorology and Climatology (this journal used to be called the Journal of Applied Meteorology before 2006)
@STRING{JAS       = "J.\ Atmos.\ Sci."}
@STRING{JAOT      = "J.\ Atmos.\ Oceanic Technol."}
@STRING{JCAM      = "J.\ Climate Appl.\ Meteor."}	 from 1983--87, now JAMC
@STRING{JCLI      = "J.\ Climate"}
@STRING{JCR       = "J.\ Coastal Res."}
@STRING{JFM       = "J.\ Fluid\ Mech."}
@STRING{JEM       = "J.\ Eng.\ Math."}			 Journal of Engineering Mathematics
@STRING{JGR       = "J.\ Geophys.\ Res."}
@STRING{JHM       = "J.\ Hydrometeor."}
@STRING{JMS       = "J.\ Mar.\ Syst."}
@STRING{JM        = "J.\ Meteor."}
@STRING{JMR       = "J.\ Mar.\ Res."}
@STRING{JMSJ      = "J.\ Meteor.\ Soc.\ Japan"}
@STRING{JPO       = "J.\ Phys.\ Oceanogr."}
@STRING{JOCEAN    = "J.\ Oceanogr."}			 Journal of Oceanography
@STRING{JOSJ      = "J.\ Oceanogr.\ Soc.\ Japan"}
@STRING{JSE       = "J.\ Struct.\ Eng."}	 Journal of Structural Engineering at ASCE
@STRING{JTM       = "J.\ Tropical Meteor."}
@STRING{JWEIA     = "J.\ Wind Eng.\ Ind.\ Aerodyn."}
@STRING{MA        = "Meteor.\ Appl."}
@STRING{MAP       = "Meteor.\ Atmos.\ Phys."}
@STRING{METMON    = "Meteor.\ Monogr."}
@STRING{METZEIT   = "Meteor.\ Z."}
@STRING{MWL       = "Mar.\ Wea.\ Log"}
@STRING{MWR       = "Mon.\ Wea.\ Rev."}
@STRING{NAT       = "Nature"}
@STRING{NHR       = "Nat.\ Hazards Rev."}
@STRING{NWD       = "Natl.\ Weather Dig."}
@STRING{OA        = "Oceanol. Aeta"}
@STRING{OCEAN     = "Oceanography"}                	 a quarterly journal of The Oceanography Society
@STRING{PAG       = "Pure Appl.\ Geophys."}
@STRING{PF        = "Phys.\ Fluids"}
@STRING{PHYSD     = "Physica D"}
@STRING{PMG       = "Pap.\ Meteor.\ Geophys."}	 Papers in Meteorology and Geophysics
@STRING{PNAS      = "Proc.\ Natl.\ Acad.\ Sci.\ (USA)"}
@STRING{PRE       = "Phys.\ Rev.\ E"}
@STRING{PRSA      = "Proc.\ Roy.\ Soc."}
@STRING{PT        = "Phys.\ Today"}
@STRING{PTRS      = "Philos.\ Trans.\ Roy.\ Soc.\ London"}
@STRING{QJRMS     = "Quart.\ J.\ Roy.\ Meteor.\ Soc."}
@STRING{RGEO      = "Rev. Geophys."}
@STRING{SCI       = "Science"}
@STRING{SOLA      = "SOLA"}				 Scientific Online Letters on the Atmosphere
@STRING{TAGU      = "Eos, Trans.\ Amer.\ Geophys.\ Union"}
@STRING{TELLUS    = "Tellus"}
@STRING{TCFD      = "Theor.\ Comput.\ Fluid Dyn."}
@STRING{WEA       = "Weather"}
@STRING{WW        = "Weatherwise"}
@STRING{WF        = "Wea.\ Forecasting"}
@STRING{WMOB      = "WMO Bull."}

 SAMPLE REFERENCES. Insert your own reference database below the line.

@article{Warner_2005,
  title={Performance of four turbulence closure models implemented using a generic length scale method},
  author={Warner, John C and Sherwood, Christopher R and Arango, Hernan G and Signell, Richard P},
  journal={Ocean Modelling},
  volume={8},
  number={1-2},
  pages={81--113},
  year={2005},
  publisher={Elsevier},
  doi={10.1016/j.ocemod.2003.12.003}
}
@article{Kobashi_2020,
  title={Reproducibility and variability of submesoscale frontal eddies on a broad, low-energy shelf of freshwater influence},
  author={Kobashi, Daijiro and Hetland, Robert},
  journal={Ocean Dynamics},
  volume={70},
  number={11},
  pages={1377--1395},
  year={2020},
  publisher={Springer},
  doi={10.1007/s10236-020-01401-4}
}
@article{Haidvogel_2008,
  title={Ocean forecasting in terrain-following coordinates: Formulation and skill assessment of the Regional Ocean Modeling System},
  author={Dale B. Haidvogel and Hernan G. Arango and W. P. Budgell and Bruce D. Cornuelle and Enrique N. Curchitser and E. Di Lorenzo and Katja Fennel and W. R. Geyer and Albert J. Hermann and L. Lanerolle and Julia Levin and James C. McWilliams and Arthur J. Miller and Andrew M. Moore and Thomas M. Powell and Alexander F. Shchepetkin and Christopher R. Sherwood and Richard P. Signell and John C. Warner and John Wilkin},
  journal={Journal of computational physics},
  volume={227},
  number={7},
  pages={3595--3624},
  year={2008},
  publisher={Elsevier},
  doi = {10.1016/j.jcp.2007.06.016}
}
@article{Zhang_2012_numerical,
  title={A numerical investigation of the {Mississippi} and {Atchafalaya} freshwater transport, filling and flushing times on the {Texas-Louisiana} Shelf},
  author={Zhang, Xiaoqian and Hetland, Robert D and Marta-Almeida, Martinho and DiMarco, Steven F},
  journal={Journal of Geophysical Research: Oceans},
  volume={117},
  number={C11},
  year={2012},
  publisher={Wiley Online Library},
  doi = {10.1029/2012jc008108}
}
@article{Burchard_2008,
  title={Comparative quantification of physically and numerically induced mixing in ocean models},
  author={Burchard, Hans and Rennau, Hannes},
  journal={Ocean Modelling},
  volume={20},
  number={3},
  pages={293--311},
  year={2008},
  publisher={Elsevier},
  doi={10.1016/j.ocemod.2007.10.003}
}
@article{Burchard_2019,
  title={Mixing estimates for estuaries},
  author={Burchard, Hans and Lange, Xaver and Klingbeil, Knut and MacCready, Parker},
  journal={Journal of Physical Oceanography},
  volume={49},
  number={2},
  pages={631--648},
  year={2019},
  doi={10.1175/jpo-d-18-0147.1}
}
@article{MacCready_2011,
  title={Calculating estuarine exchange flow using isohaline coordinates},
  author={MacCready, Parker},
  journal={Journal of Physical Oceanography},
  volume={41},
  number={6},
  pages={1116--1124},
  year={2011},
  doi={10.1175/2011jpo4517.1}
}
@article{MacCready_2018,
  title={Estuarine exchange flow is related to mixing through the salinity variance budget},
  author={MacCready, Parker and Geyer, W Rockwell and Burchard, Hans},
  journal={Journal of Physical Oceanography},
  volume={48},
  number={6},
  pages={1375--1384},
  year={2018},
  doi={10.1175/jpo-d-17-0266.1}
}
@article{Li_2018,
  title={The transformation of salinity variance: A new approach to quantifying the influence of straining and mixing on estuarine stratification},
  author={Li, X. and Geyer, W Rockwell and Zhu, Jianrong and Wu, Hui},
  journal={Journal of Physical Oceanography},
  doi={10.1175/jpo-d-17-0189.1},
  volume={48},
  number={3},
  pages={607--623},
  year={2018},
  publisher={American Meteorological Society}
}
doi={10.5194/os-15-601-2019}
@article{Lorenz_2019,
  title={Numerical issues of the Total Exchange Flow (TEF) analysis framework for quantifying estuarine circulation},
  author={Lorenz, Marvin and Klingbeil, Knut and MacCready, Parker and Burchard, Hans},
  journal={Ocean Science},
  volume={15},
  number={3},
  pages={601--614},
  year={2019},
  publisher={Copernicus},
  doi={10.5194/os-15-601-2019}
}
@article{Lorenz_2021,
  title={Impact of evaporation and precipitation on estuarine mixing},
  author={Lorenz, Marvin and Klingbeil, Knut and Burchard, Hans},
  journal={Journal of Physical Oceanography},
  volume={51},
  number={4},
  pages={1319--1333},
  year={2021},
  doi={10.1175/jpo-d-20-0158.1},
}
doi={10.1016/j.oceaneng.2021.108588}
@article{Wang_2021,
  title={Quantification of numerical mixing in coastal ocean models through an offline method},
  author={Wang, Tao and Wei, Zexun and Jiang, Wensheng and Xu, Tengfei and Chen, Jia-Lin and Bian, Changwei},
  journal={Ocean Engineering},
  volume={222},
  pages={108588},
  year={2021},
  publisher={Elsevier},
  doi={10.1016/j.oceaneng.2021.108588}
}
@article{Qu_2021,
  title={Near-inertial-wave critical layers over sloping bathymetry},
  author={Qu, Lixin and Thomas, Leif N and Hetland, Robert D},
  journal={Journal of Physical Oceanography},
  volume={51},
  number={6},
  pages={1737--1756},
  year={2021},
  doi = {10.1175/jpo-d-20-0221.1}
}
@article{Wang_2017,
  title={Total exchange flow, entrainment, and diffusive salt flux in estuaries},
  author={Wang, Tao and Geyer, W Rockwell and MacCready, Parker},
  journal={Journal of Physical Oceanography},
  volume={47},
  number={5},
  pages={1205--1220},
  year={2017},
  doi={10.1175/jpo-d-16-0258.1}
}
@article{DiMarco_1998,
  title={Characterization of the principal tidal current constituents on the {Texas-Louisiana} shelf},
  author={DiMarco, Steven F and Reid, Robert O},
  journal={Journal of Geophysical Research: Oceans},
  volume={103},
  number={C2},
  pages={3093--3109},
  year={1998},
  publisher={Wiley Online Library},
  doi={10.1029/97jc03289}
}
@article{Dee_2011,
  title={The {ERA-Interim} reanalysis: {Configuration} and performance of the data assimilation system},
  author={Dick Dee and S. Uppala and Adrian Simmons and Paul Berrisford and Paul Poli and S. Kobayashi and Shinya Kobayashi and Ulf Andrae and Magdalena Balmaseda and Gianpaolo Balsamo and Peter Bauer and Peter Bechtold and Anton Beljaars and L. van de Berg and Jean Bidlot and Niels Bormann and C. Delsol and Rossana Dragani and M. Fuentes and Alan J. Geer and Leopold Haimberger and S. B. Healy and Hans Hersbach and E. Hólm and Lars Isaksen and P. Kållberg and Martin Köhler and Marco Matricardi and A. P. McNally and B. M. Monge-Sanz and Jean-Jacques Morcrette and B.-K. Park and Carole Peubey and P. de Rosnay and Christina Tavolato and Jean-Noël Thépaut and Jean-Noël Thépaut and Jean-Noël Thépaut and Frederic Vitart},
  doi={10.1002/qj.828},
  journal={Quarterly Journal of the Royal Meteorological Society},
  year={2011},
}
@article{Xomchuk_2020,
  title={Small-Scale Variability of Bottom Oxygen in the Northern {Gulf of Mexico}},
  author={Ruiz-Xomchuk, Veronica and Hetland, Robert and Qu, Lixin},
  journal={Journal of Geophysical Research: Oceans},
  volume={126},
  number={1},
  pages={e2020JC016279},
  year={2021},
  publisher={Wiley Online Library},
  doi={10.1029/2020jc016279}
}
@article{Stefan_1993,
  title={Stream temperature estimation from air temperature 1},
  author={Stefan, Heinz G and Preud'homme, Eric B},
  journal={JAWRA Journal of the American Water Resources Association},
  volume={29},
  number={1},
  pages={27--45},
  year={1993},
  publisher={Wiley Online Library},
  doi={10.1111/j.1752-1688.1993.tb01502.x}
}
@article{Smolarkiewicz_1998,
  title={{MPDATA}: A finite-difference solver for geophysical flows},
  author={Smolarkiewicz, Piotr K and Margolin, Len G},
  journal={Journal of Computational Physics},
  volume={140},
  number={2},
  pages={459--480},
  year={1998},
  publisher={Elsevier},
  doi={10.1006/jcph.1998.5901}
}
@article{Lorenz_2020,
  title={Numerical study of the exchange flow of the {Persian Gulf} using an extended total exchange flow analysis framework},
  author={Lorenz, Marvin and Klingbeil, Knut and Burchard, Hans},
  journal={Journal of Geophysical Research: Oceans},
  volume={125},
  number={2},
  pages={e2019JC015527},
  year={2020},
  publisher={Wiley Online Library},
  doi={10.1029/2019jc015527}
}
@article{Kalra_2019,
  title={Comparison of physical to numerical mixing with different tracer advection schemes in estuarine environments},
  author={Kalra, Tarandeep S and Li, Xiangyu and Warner, John C and Geyer, Wayne R and Wu, Hui},
  journal={Journal of Marine Science and Engineering},
  volume={7},
  number={10},
  pages={338},
  year={2019},
  publisher={MDPI},
  doi={10.3390/jmse7100338}
}
@article{Ralston_2017,
  title={Turbulent and numerical mixing in a salt wedge estuary: Dependence on grid resolution, bottom roughness, and turbulence closure},
  author={Ralston, David K and Cowles, Geoffrey W and Geyer, W Rockwell and Holleman, Rusty C},
  journal={Journal of Geophysical Research: Oceans},
  volume={122},
  number={1},
  pages={692--712},
  year={2017},
  publisher={Wiley Online Library},
  doi={10.1002/2016jc011738}
}
@article{Klingbeil_2014,
  title={Quantification of spurious dissipation and mixing--Discrete variance decay in a Finite-Volume framework},
  author={Klingbeil, Knut and Mohammadi-Aragh, Mahdi and Gr{\"a}we, Ulf and Burchard, Hans},
  journal={Ocean Modelling},
  volume={81},
  pages={49--64},
  year={2014},
  publisher={Elsevier},
  doi={10.1016/j.ocemod.2014.06.001}
}
@article{Griffies_2000,
  title={Spurious diapycnal mixing associated with advection in a z-coordinate ocean model},
  author={Griffies, Stephen M and Pacanowski, Ronald C and Hallberg, Robert W},
  journal={Monthly Weather Review},
  volume={128},
  number={3},
  pages={538--564},
  year={2000},
  doi={10.1175/1520-0493(2000)128<0538:sdmawa>2.0.co;2}
}
@article{Hetland_2005,
  title={Relating river plume structure to vertical mixing},
  author={Hetland, Robert D},
  journal={Journal of Physical Oceanography},
  volume={35},
  number={9},
  pages={1667--1688},
  year={2005},
  doi={10.1175/jpo2774.1}
}
@article{Wang_2018,
  title={The balance of salinity variance in a partially stratified estuary: Implications for exchange flow, mixing, and stratification},
  author={Wang, Tao and Geyer, W Rockwell},
  journal={Journal of Physical Oceanography},
  volume={48},
  number={12},
  pages={2887--2899},
  year={2018},
  doi={10.1175/jpo-d-18-0032.1}
}
@article{Nurser_2004,
  title={Isopycnal averaging at constant height. {Part I}: The formulation and a case study},
  author={Nurser, AJ George and Lee, Mei-Man},
  journal={Journal of physical oceanography},
  volume={34},
  number={12},
  pages={2721--2739},
  year={2004},
  doi={10.1175/jpo2649.1}
}
@article{Barkan_2017,
  title={Submesoscale Dynamics in the Northern {Gulf} of {Mexico}. {Part I}: Regional and Seasonal Characterization and the Role of River Outflow},
  author={Barkan, Roy and McWilliams, James C and Shchepetkin, Alexander F and Molemaker, M Jeroen and Renault, Lionel and Bracco, Annalisa and Choi, Jun},
  journal={Journal of Physical Oceanography},
  volume={47},
  number={9},
  pages={2325--2346},
  year={2017},
  doi={10.1175/jpo-d-17-0035.1}
}
@article{Capet_2008,
  title={Mesoscale to submesoscale transition in the {California Current} System. {Part I}: Flow structure, eddy flux, and observational tests},
  author={Capet, Xavier and McWilliams, JAMES C and Molemaker, M JEROEN and Shchepetkin, Alexander F},
  journal={Journal of physical oceanography},
  volume={38},
  number={1},
  pages={29--43},
  year={2008},
  doi={10.1175/2007jpo3671.1}
}
@article{Burchard_2020,
  title={A universal law of estuarine mixing},
  author={Burchard, Hans},
  journal={Journal of Physical Oceanography},
  volume={50},
  number={1},
  pages={81--93},
  year={2020},
  doi={10.1175/jpo-d-19-0014.1}
}
@article{Arakawa_1977,
  title={Computational design of the basic dynamical processes of the {UCLA} general circulation model},
  author={Arakawa, Akio and Lamb, Vivian R},
  journal={General circulation models of the atmosphere},
  volume={17},
  number={Supplement C},
  pages={173--265},
  year={1977},
  publisher={Methods in computational Physics},
  doi={10.1175/jpo-d-20-0080.1}
}
@article{Thomas_2013,
  title={Symmetric instability in the {Gulf Stream}},
  author={Thomas, Leif N and Taylor, John R and Ferrari, Raffaele and Joyce, Terrence M},
  journal={Deep Sea Research Part II: Topical Studies in Oceanography},
  volume={91},
  pages={96--110},
  year={2013},
  publisher={Elsevier},
  doi={10.1016/j.dsr2.2013.02.025}
}
@article{Holmes_2021,
  title={The geography of numerical mixing in a suite of global ocean models},
  author={Holmes, Ryan M and Zika, Jan D and Griffies, Stephen M and Hogg, A McC and Kiss, Andrew E and England, Matthew H},
  journal={Journal of Advances in Modeling Earth Systems},
  volume={13},
  number={7},
  pages={e2020MS002333},
  year={2021},
  publisher={Wiley Online Library},
  doi={10.1029/2020ms002333}
}
@article{Rennau_2009,
  title={Quantitative analysis of numerically induced mixing in a coastal model application},
  author={Rennau, Hannes and Burchard, Hans},
  journal={Ocean Dynamics},
  volume={59},
  number={5},
  pages={671--687},
  year={2009},
  publisher={Springer},
  doi={10.1007/s10236-009-0201-x}
}
@article{Hoskins_1972,
  title={Atmospheric Frontogenesis Models: Mathematical Formulation and Solution},
  year={1972},
  author={Brian J. Hoskins and F. P. Bretherton},
  doi={10.1175/1520-0469(1972)029<0011:afmmfa>2.0.co;2},
  pmid={null},
  pmcid={null},
  journal={Journal of the Atmospheric Sciences},
  }
@article{McWilliams_2016,
  title={Submesoscale currents in the ocean},
  author={McWilliams, James C},
  journal={Proceedings of the Royal Society A: Mathematical, Physical and Engineering Sciences},
  volume={472},
  number={2189},
  pages={20160117},
  year={2016},
  publisher={The Royal Society Publishing},
  doi={10.1098/rspa.2016.0117}
}
@article{Shcherbina_2013,
  title={Statistics of vertical vorticity, divergence, and strain in a developed submesoscale turbulence field},
  author={Shcherbina, Andrey Y and D'Asaro, Eric A and Lee, Craig M and Klymak, Jody M and Molemaker, M Jeroen and McWilliams, James C},
  journal={Geophysical Research Letters},
  volume={40},
  number={17},
  pages={4706--4711},
  year={2013},
  publisher={Wiley Online Library},
  doi={10.1002/grl.50919}
}
@article{Ilicak_2012,
  title={Spurious dianeutral mixing and the role of momentum closure},
  author={Il{\i}cak, Mehmet and Adcroft, Alistair J and Griffies, Stephen M and Hallberg, Robert W},
  journal={Ocean Modelling},
  volume={45},
  pages={37--58},
  year={2012},
  publisher={Elsevier},
  doi={10.1016/j.ocemod.2011.10.003}
}
@article{Warner_2010,
  title={Development of a {Coupled Ocean-Atmosphere-Wave-Sediment Transport} ({COAWST}) Modeling System},
  author={Warner, John C and Armstrong, Brandy and He, Ruoying and Zambon, Joseph B},
  journal={Ocean modelling},
  volume={35},
  number={3},
  pages={230--244},
  year={2010},
  publisher={Elsevier},
  doi={10.1016/j.ocemod.2010.07.010}
}
@article{Hetland_2017,
  title={Suppression of baroclinic instabilities in buoyancy-driven flow over sloping bathymetry},
  author={Hetland, Robert D},
  journal={Journal of Physical Oceanography},
  volume={47},
  number={1},
  pages={49--68},
  year={2017},
  doi={10.1175/jpo-d-15-0240.1}
}
@article{Luo_2016,
  title={Submesoscale circulation in the northern {Gulf} of {Mexico}: Surface processes and the impact of the freshwater river input},
  author={Luo, Hao and Bracco, Annalisa and Cardona, Yuley and McWilliams, James C},
  journal={Ocean Modelling},
  volume={101},
  pages={68--82},
  year={2016},
  publisher={Elsevier},
  doi={10.1016/j.ocemod.2016.03.003}
}
@article{Petersen_2015,
  title={Evaluation of the arbitrary {Lagrangian–Eulerian} vertical coordinate method in the {MPAS}-{Ocean} model},
  author={Petersen, Mark R and Jacobsen, Douglas W and Ringler, Todd D and Hecht, Matthew W and Maltrud, Mathew E},
  journal={Ocean Modelling},
  volume={86},
  pages={93--113},
  year={2015},
  publisher={Elsevier},
  doi={10.1016/j.ocemod.2014.12.004}
}
@article{Broatch_2022,
  title={Mixing in a salinity variance budget of the {Salish Sea} is controlled by river flow},
  author={Broatch, Erin M and MacCready, Parker},
  journal={Journal of Physical Oceanography},
  year={2022},
  doi={10.1175/jpo-d-21-0227.1}
}
@article{Li_2021,
  title={Calculating salinity variance fluxes using isohaline coordinates},
  author={Li, Linjiang and Zhu, Jianrong and Pareja-Roman, L Fernando},
  journal={Estuarine, Coastal and Shelf Science},
  volume={254},
  pages={107311},
  year={2021},
  publisher={Elsevier},
  doi={10.1016/j.ecss.2021.107311}
}
@article{Warner_2020,
  title={Using Tracer Variance Decay to Quantify Variability of Salinity Mixing in the {Hudson} {River} Estuary},
  author={Warner, John C and Geyer, W Rockwell and Ralston, David K and Kalra, Tarandeep},
  journal={Journal of Geophysical Research: Oceans},
  volume={125},
  number={12},
  pages={e2020JC016096},
  year={2020},
  publisher={Wiley Online Library}
}
@article{Qu_2022_box,
  title={Mixing pathways in simple box models},
  author={Qu, Lixin and Hetland, Robert D and Schlichting, Dylan},
  journal={Journal of Physical Oceanography},
  volume={52},
  number={11},
  pages={2761--2772},
  year={2022},
  doi={10.1175/jpo-d-22-0074.1}
}
@article{Qu_2022_NIW,
  title={Mixing driven by critical reflection of near-inertial waves over the {Texas-Louisiana} shelf},
  author={Qu, Lixin and Thomas, Leif N and Hetland, Robert D and Kobashi, Daijiro},
  journal={Journal of Physical Oceanography},
  volume={52},
  number={11},
  pages={2891--2906},
  year={2022},
  doi={10.1175/jpo-d-22-0004.1}
}
@article{Nash_2002,
  title={Microstructure estimates of turbulent salinity flux and the dissipation spectrum of salinity},
  author={Nash, Jonathan D and Moum, James N},
  journal={Journal of physical oceanography},
  volume={32},
  number={8},
  pages={2312--2333},
  year={2002},
  doi={10.1175/1520-0485(2002)032<2312:meotsf>2.0.co;2}
}
@article{Burchard_2009,
  title={Model simulations of dense bottom currents in the {Western Baltic Sea}},
  author={Burchard, Hans and Janssen, Frank and Bolding, Karsten and Umlauf, Lars and Rennau, Hannes},
  journal={Continental Shelf Research},
  volume={29},
  number={1},
  pages={205--220},
  year={2009},
  publisher={Elsevier},
  doi={10.1016/j.csr.2007.09.010}
}
@article{Smolarkiewicz_1983,
  title={A simple positive definite advection scheme with small implicit diffusion},
  author={Smolarkiewicz, Piotr K},
  journal={Monthly weather review},
  volume={111},
  number={3},
  pages={479--486},
  year={1983},
  doi={10.1175/1520-0493(1983)111<0479:aspdas>2.0.co;2}
}
@article{osborn1972oceanic,
  title={Oceanic fine structure},
  author={Osborn, Thomas R and Cox, Charles S},
  journal={Geophysical Fluid Dynamics},
  volume={3},
  number={4},
  pages={321--345},
  year={1972},
  publisher={Taylor \& Francis},
  doi = {10.1080/03091927208236085}
}
@article{shchepetkin2005regional,
  title={The {Regional} {Oceanic} {Modeling} {System} ({ROMS}): {A} split-explicit, free-surface, topography-following-coordinate oceanic model},
  author={Shchepetkin, Alexander F and McWilliams, James C},
  journal={Ocean modelling},
  volume={9},
  number={4},
  pages={347--404},
  year={2005},
  publisher={Elsevier},
  doi = {10.1016/j.ocemod.2004.08.002}
}
@article{MacCready_2016,
  title={The mechanical energy budget of a regional ocean model},
  author={MacCready, Parker and Giddings, Sarah N},
  journal={Journal of Physical Oceanography},
  volume={46},
  number={9},
  pages={2719--2733},
  year={2016},
  publisher={American Meteorological Society},
  doi={10.1175/jpo-d-16-0086.1}
}
@article{maccready2021estuarine,
  title={Estuarine circulation, mixing, and residence times in the Salish Sea},
  author={MacCready, Parker and McCabe, Ryan M and Siedlecki, Samantha A and Lorenz, Marvin and Giddings, Sarah Nicole and Bos, Julia and Albertson, Skip and Banas, NS and Garnier, Soizic},
  journal={Journal of Geophysical Research: Oceans},
  volume={126},
  number={2},
  pages={e2020JC016738},
  year={2021},
  publisher={Wiley Online Library},
  doi = {10.1029/2020JC016738}
}
@article{qu2022rapid,
  title={Rapid vertical exchange at fronts in the Northern {Gulf} of {Mexico}},
  author={Qu, Lixin and Thomas, Leif N and Wienkers, Aaron F and Hetland, Robert D and Kobashi, Daijiro and Taylor, John R and Hsu, Fucent Hsuan Wei and MacKinnon, Jennifer A and Shearman, R Kipp and Nash, Jonathan D},
  journal={Nature communications},
  volume={13},
  number={1},
  pages={1--11},
  year={2022},
  publisher={Nature Publishing Group}, 
  doi = {10.1038/s41467-022-33251-7}
}
@article{roullet2000salt,
  title={Salt conservation, free surface, and varying levels: a new formulation for ocean general circulation models},
  author={Roullet, Guillaume and Madec, Gurvan},
  journal={Journal of Geophysical Research: Oceans},
  volume={105},
  number={C10},
  pages={23927--23942},
  year={2000},
  publisher={Wiley Online Library},
  doi = {10.1029/2000JC900089}
}
@article{umlauf2003extending,
  title={Extending the k--$\omega$ turbulence model towards oceanic applications},
  author={Umlauf, L and Burchard, H and Hutter, K},
  journal={Ocean Modelling},
  volume={5},
  number={3},
  pages={195--218},
  year={2003},
  publisher={Elsevier},
  doi = {10.1016/S1463-5003(02)00039-2}
}
@article{ilicak2016quantifying,
  title={Quantifying spatial distribution of spurious mixing in ocean models},
  author={Il{\i}cak, Mehmet},
  journal={Ocean Modelling},
  volume={108},
  pages={30--38},
  year={2016},
  publisher={Elsevier},
  doi = {10.1016/j.ocemod.2016.11.002}
}
@article{mcdougall1987thermobaricity,
  title={Thermobaricity, cabbeling, and water-mass conversion},
  author={McDougall, Trevor J},
  journal={Journal of Geophysical Research: Oceans},
  volume={92},
  number={C5},
  pages={5448--5464},
  year={1987},
  publisher={Wiley Online Library},
  doi = {10.1029/JC092iC05p05448}
}
@article{gibson2017attribution,
  title={Attribution of horizontal and vertical contributions to spurious mixing in an Arbitrary {Lagrangian--Eulerian} ocean model},
  author={Gibson, Angus H and Hogg, Andrew McC and Kiss, Andrew E and Shakespeare, Callum J and Adcroft, Alistair},
  journal={Ocean Modelling},
  volume={119},
  pages={45--56},
  year={2017},
  publisher={Elsevier},
  doi = {10.1016/j.ocemod.2017.09.008}
}
@article{redi1982oceanic,
  title={Oceanic isopycnal mixing by coordinate rotation},
  author={Redi, Martha H},
  journal={Journal of Physical Oceanography},
  volume={12},
  number={10},
  pages={1154--1158},
  year={1982},
  doi = {10.1175/1520-0485(1982)012<1154:OIMBCR>2.0.CO;2}
}
@article{griffies1998isoneutral,
  title={Isoneutral diffusion in a z-coordinate ocean model},
  author={Griffies, Stephen M and Gnanadesikan, Anand and Pacanowski, Ronald C and Larichev, Vitaly D and Dukowicz, John K and Smith, Richard D},
  journal={Journal of Physical Oceanography},
  volume={28},
  number={5},
  pages={805--830},
  year={1998},
  doi = {10.1175/1520-0485(1998)028<0805:IDIAZC>2.0.CO;2}
}
@article{geyer2014estuarine,
  title={The estuarine circulation},
  author={Geyer, W Rockwell and MacCready, Parker},
  journal={Annu. Rev. Fluid Mech},
  volume={46},
  number={1},
  pages={175--197},
  year={2014},
  doi = {10.1146/annurev-fluid-010313-141302}
}
@article{Lemagie_2022,
  title={Measuring Estuarine Total Exchange Flow from Discrete Observations},
  year={2022},
  author={Emily Lemagie and Sarah N. Giddings and Parker MacCready and Charles Seaton and Xiaodong Wu},
  doi={10.1029/2022jc018960},
  journal={Journal Of Geophysical Research: Oceans}}
@article{megann2018estimating,
  title={Estimating the numerical diapycnal mixing in an eddy-permitting ocean model},
  author={Megann, Alex},
  journal={Ocean Modelling},
  volume={121},
  pages={19--33},
  year={2018},
  publisher={Elsevier},
  doi = {10.1016/j.ocemod.2017.11.001}
}
@article{lee2002spurious,
  title={Spurious diapycnal mixing of the deep waters in an eddy-permitting global ocean model},
  author={Lee, Mei-Man and Coward, Andrew C and Nurser, AJ George},
  journal={Journal of physical oceanography},
  volume={32},
  number={5},
  pages={1522--1535},
  year={2002},
  doi = {10.1175/1520-0485(2002)032<1522:SDMOTD>2.0.CO;2}
}
@software{xroms,
    title = {xoceanmodel/xroms: v0.1 [software]},
    author = {Thyng, Kristen and Hetland, Robert D and Filipe, F. and Ruiz-Xomchuck, R.},
    year = {2022},
    doi = {10.5281/zenodo.6885972},
    publisher = {Zenodo}
    }
@article{barkan2017submesoscalepart2,
  title={Submesoscale dynamics in the northern {Gulf} of {Mexico}. {Part} {II}: Temperature--salinity relations and cross-shelf transport processes},
  author={Barkan, Roy and McWilliams, James C and Molemaker, M Jeroen and Choi, Jun and Srinivasan, Kaushik and Shchepetkin, Alexander F and Bracco, Annalisa},
  journal={Journal of Physical Oceanography},
  volume={47},
  number={9},
  pages={2347--2360},
  year={2017},
  doi = {10.1175/JPO-D-17-0040.1}
}
@article{nagy2020regional,
  title={A regional operational model for the North East {Atlantic}: Model configuration and validation},
  author={Nagy, Hazem and Lyons, Kieran and Nolan, Glenn and Cure, Marcel and Dabrowski, Tomasz},
  journal={Journal of Marine Science and Engineering},
  volume={8},
  number={9},
  pages={673},
  year={2020},
  publisher={MDPI},
  doi = {10.3390/jmse8090673}
}
@article{zhang2009near,
  title={Near-resonant ocean response to sea breeze on a stratified continental shelf},
  author={Zhang, Xiaoqian and DiMarco, Steven F and Smith, David C and Howard, Matthew K and Jochens, Ann E and Hetland, Robert D},
  journal={Journal of Physical Oceanography},
  volume={39},
  number={9},
  pages={2137--2155},
  year={2009},
  publisher={American Meteorological Society},
  doi = {10.1175/2009JPO4054.1}
}
@article{winters1995available,
  title={Available potential energy and mixing in density-stratified fluids},
  author={Winters, Kraig B and Lombard, Peter N and Riley, James J and D'Asaro, Eric A},
  journal={Journal of Fluid Mechanics},
  volume={289},
  pages={115--128},
  year={1995},
  publisher={Cambridge University Press}
}
@software{abernathey_ryan_p_2022_6643579,
  author       = {Abernathey, Ryan P. and
                  Busecke, Julius J. M. and
                  Smith, Timothy Andrew and
                  Deauna, Josephine Dianne and
                  Banihirwe, Anderson and
                  Nicholas, Thomas and
                  Fernandes, Filipe and
                  James, Bourbeau and
                  Dussin, Raphael and
                  Cherian, Deepak A. and
                  Caneill, Romain and
                  Sinha, Anirban and
                  Uieda, Leonardo and
                  Rath, Willi and
                  Balwada, Dhruv and
                  Constantinou, Navid C. and
                  Ponte, Aurélien and
                  Zhou, Yuxin and
                  Uchida, Takaya and
                  Thielen, Jon},
  title        = {xgcm: v0.8.1 [software]},
  year         = 2022,
  publisher    = {Zenodo},
  version      = {v0.8.0},
  doi          = {10.5281/zenodo.6643579},
}
@software{hoyer_stephan_2021_5771208,
  author       = {Hoyer, Stephan and
                  Roos, Maximilian and
                  Joseph, Hamman and
                  Magin, Justus and
                  Cherian, Deepak and
                  Fitzgerald, Clark and
                  Hauser, Mathias and
                  Fujii, Keisuke and
                  Maussion, Fabien and
                  Imperiale, Guido and
                  Clark, Spencer and
                  Kleeman, Alex and
                  Nicholas, Thomas and
                  Kluyver, Thomas and
                  Westling, Jimmy and
                  Munroe, James and
                  Amici, Alessandro and
                  Barghini, Aureliana and
                  Banihirwe, Anderson and
                  Bell, Ray and
                  Hatfield-Dodds, Zac and
                  Abernathey, Ryan and
                  Bovy, Benoît and
                  Omotani, John and
                  Mühlbauer, Kai and
                  Roszko, Maximilian K. and
                  Wolfram, Phillip J.},
  title        = {xarray: v0.20.2 [software]},
  year         = 2021,
  publisher    = {Zenodo},
  version      = {v0.20.2},
  doi          = {10.5281/zenodo.5771208},
}

@article{hofmeister2011realistic,
  title={Realistic modelling of the exceptional inflows into the central {Baltic Sea} in 2003 using terrain-following coordinates},
  author={Hofmeister, Richard and Beckers, Jean-Marie and Burchard, Hans},
  journal={Ocean Modelling},
  volume={39},
  number={3-4},
  pages={233--247},
  year={2011},
  publisher={Elsevier},
  doi = {10.1016/j.ocemod.2011.04.007}
}
@article{Fringer_2019,
  title={The future of coastal and estuarine modeling: Findings from a workshop},
  author={Fringer, Oliver B and Dawson, Clint N and He, Ruoying and Ralston, David K and Zhang, Y Joseph},
  journal={Ocean Modelling},
  volume={143},
  pages={101458},
  year={2019},
  publisher={Elsevier},
  doi = {10.1016/j.ocemod.2019.101458}
}
@article{Zhang_2012_forecast,
  title={A high-resolution pre-operational forecast model of circulation on the {Texas-Louisiana} continental shelf and slope},
  author={Zhang, X and Marta-Almeida, M and Hetland, Robert D},
  journal={Journal of Operational Oceanography},
  volume={5},
  number={1},
  pages={19--34},
  year={2012},
  publisher={Taylor \& Francis},
  doi = {10.1080/1755876X.2012.11020129}
}